4459 5950
571 776 643 863 ηε
758 750 1051 839 corvis
1100 758 1554 871 uomunrcn,

566 948 661 1016 rum.
712 927 816 1022 Quid
842 925 886 1003 de
910 928 1070 1003 tubicine
1094 926 1160 1005 illo
1189 929 1317 1006 nostra
1344 919 1476 1019 utbis',
1501 934 1561 1011 cui
1590 958 1736 1015 nomen

409 1028 420 1037 ”
544 1030 697 1127 ‘Millus
721 1026 736 1101 i
773 1028 804 1101 ls
828 1023 960 1103 Seculo
981 1046 1070 1100 mox
1098 1026 1273 1103 transacto
1297 1030 1451 1114 vivens,
1479 1054 1596 1107 novus
1615 1037 1736 1113 veluti

568 1130 720 1211 Proteus
746 1137 848 1206 erat,
882 1124 1081 1199 imitatione
1116 1124 1163 1198 ita
1190 1120 1345 1201 callidus
1372 1128 1409 1200 dc
1440 1126 1660 1226 aerfipellis,
1690 1145 1735 1210 ut

567 1250 646 1305 non
674 1222 788 1297 modo
808 1220 962 1295 aliorum
988 1242 1093 1295 voces
1113 1222 1255 1317 optime
1276 1225 1535 1313 ementiretur,
1564 1228 1623 1304 sed
1653 1232 1734 1307 oria

570 1318 901 1403 conformationem
932 1319 1115 1415 totiusque
1139 1319 1304 1415 corporis
1328 1318 1520 1407 habitum,
1558 1324 1730 1419 gestum,

569 1414 744 1500 incessum
767 1420 1021 1509 exprimeret,
1059 1436 1101 1489 ac
1127 1435 1221 1510 pene
1247 1416 1495 1491 membrorum
1524 1417 1653 1496 statum
1689 1426 1731 1500 δι

568 1517 723 1616 gradum
750 1509 859 1587 alium
891 1509 1065 1585 indueret
1095 1549 1242 1565 -··—-·-
1279 1510 1425 1605 Quibus
1457 1536 1561 1589 exem
1592 1518 1633 1594 lis
1663 1522 1731 1595 ad·

451 1660 460 1673 ,
496 1610 510 1633 '
542 1608 667 1691 dudi
690 1628 918 1705 nequaquam
943 1605 1140 1711 absurdum
1161 1621 1331 1705 potemus
1354 1664 1366 1696 ,
1392 1607 1524 1687 scivisse
1587 1614 1731 1692 elenam

568 1720 724 1805 (amoto
758 1705 864 1779 etiam
895 1702 1062 1779 Veneris·
1082 1726 1271 1790 munere,
1309 1727 1386 1804 quo
1424 1721 1501 1785 erat
1532 1710 1729 1809 instruile)

567 1803 816 1903 complurium
835 1797 1038 1896 singillatim
1055 1799 1288 1884 foeminarum
1310 1824 1418 1880 voces
1436 1806 1551 1899 probe
1568 1806 1729 1905 fingere,

565 1904 660 1982 adeo
684 1917 723 1977 ut
745 1899 839 1983 viri,
862 1900 924 1995 qui
946 1900 983 1973 in
1005 1912 1102 1995 equo
1124 1896 1280 1976 latebant
1302 1953 1314 1985 ,
1338 1900 1525 1998 improvisa
1548 1886 1656 2000 atqod
1673 1910 1733 1982 iu-

566 2003 677 2097 opina
703 1995 890 2074 auditione
917 1994 977 2071 illa
1011 1993 1163 2093 perculsi
1190 1995 1472 2094 deciperentur,
1498 2019 1631 2077 uxores
1651 2002 1733 2081 suas

565 2096 654 2173 soris
673 2089 787 2170 adesse
806 2095 882 2168 rati.
907 2131 1052 2145 ---
1074 2090 1145 2167 Sed
1158 2092 1234 2168 ello
1256 2094 1421 2187 sciretit3
1449 2101 1641 2194 quomodo
1665 2124 1730 2178 au·
1828 2136 1830 2161 =

566 2208 643 2271 tem
674 2191 838 2267 credatur
869 2186 996 2285 volruffe
1018 2184 1157 2265 Helena
1193 2189 1293 2267 hunc
1317 2192 1446 2267 dolum
1477 2197 1635 2270 maxime
1663 2220 1726 2272 ex·
1827 2188 1830 2329 4

565 2291 699 2367 itialem
719 2284 853 2363 Graecis
874 2282 942 2360 sois
967 2285 1122 2370 struere,
1145 2286 1188 2361 ad
1208 2310 1301 2385 quos
1322 2288 1504 2388 suumque
1515 2288 1730 2368 Menelaum

566 2389 684 2467 redire
704 2385 896 2481 cupiebat,
922 2382 1175 2481 victoriamque
1201 2392 1245 2460 ab
1269 2382 1338 2460 illis
1361 2384 1477 2461 stare?
1501 2386 1604 2465 Hanc
1631 2388 1731 2489 diffi-

566 2484 739 2561 cultatem
767 2477 972 2555 demedio
1005 2478 1101 2557 tollit
1135 2480 1273 2566 Vates,
1310 2505 1395 2559 cum
1425 2485 1501 2571 ait,
1529 2485 1660 2563 Divina
1692 2490 1731 2563 ri

564 2580 655 2658 illuc
688 2576 916 2661 deduntur,
955 2590 995 2652 ut
1026 2594 1079 2652 res
1102 2574 1314 2654 Graecorum
1349 2582 1385 2652 in
1416 2578 1606 2672 discrimen
1628 2587 1732 2659 veni.
1829 2590 1830 2607 ³

564 2693 646 2753 rent
667 2699 721 2761 ,a
752 2695 827 2771 quo
849 2688 968 2749 tamen
991 2670 1116 2771 Ulylsts
1131 2673 1472 2771 prudentiapdeinde
1492 2676 1728 2759 servarentur.

565 2772 693 2853 RlCC.
721 2768 801 2867 Dtffi
823 2764 916 2845 Hom.
947 2780 1029 2846 Tum,
1050 2778 1105 2844 lll.
1128 2791 1160 2863 p.
1182 2790 1240 2862 43.
1258 2773 1327 2868 sqq.
1586 2786 1590 2789 ’

585 2930 594 2944 „
722 2916 725 2923 ,
790 2907 793 2913 ¹
913 2908 917 2913 ·
1074 2889 1106 2943 V.
1140 2878 1222 2952 282.

510 3023 515 3030 .
612 2958 826 3060 melipepo.
850 2966 985 3060 promti
1007 2987 1155 3060 eramus.
1192 2989 1222 3042 v.
1249 2966 1417 3055 puteusve,
1444 2968 1479 3044 ll.
1505 2987 1535 3040 r·
1565 2990 1645 3064 379.

615 3061 826 3160 ‘ogpnditim
853 3061 946 3139 fatto
965 3064 1114 3198 impet&
1150 3063 1359 3156 ὁρμηθήτην,
1385 3068 1421 3142 ll.
1449 3077 1481 3136 Ε.
1507 3087 1563 3146 12.

1067 3233 1098 3288 v.
1141 3221 1223 3300 283.

598 3304 729 3392 Ἀιψα,
754 3308 791 3382 ll.
819 3321 855 3377 a.
884 3325 965 3396 303.
1150 3315 1153 3321 ’
1419 3360 1423 3366 -

606 3401 752 3476 *eulaeo
772 3454 788 3464 .
807 3410 988 3476 omnem,
1016 3400 1111 3481 intus
1148 3401 1365 3504 respondere
1398 3411 1544 3489 vocanti
1565 3464 1577 3501 .
1603 3411 1727 3492 osten-

563 3501 650 3586 dere
670 3502 825 3579 auditam
849 3497 916 3574 elle
945 3521 1085 3576 vocem.
1430 3542 1438 3559 x
1750 3548 1754 3556 ·

557 3675 560 3684 ,
613 3597 790 3696 ΚαΊέςυκε,
816 3597 1010 3696 prohibuit.
1033 3613 1078 3672 Ὗ.
1101 3587 1280 3690 wiredum
1303 3602 1341 3682 ll.
1365 3616 1397 3672 Z·
1427 3623 1508 3693 1923

603 3696 770 3792 Ἐχιθεν,
796 3698 987 3772 continuit.
1013 3694 1048 3770 ll
1078 3714 1118 3763 Μ.
1150 3707 1229 3788 184.

852 3875 854 3886 ,
1059 3814 1091 3866 v·
1125 3805 1231 3884 284·'

608 3888 695 3966 'Andr
719 3889 785 3959 irat
805 3937 815 3966 2
836 3890 1016 3968 'tacebant
1064 3887 1161 3963 Vide
1179 3889 1225 3966 ad
1248 3893 1287 3968 ΙΙ.
1317 3904 1348 3963 r.
1373 3912 1433 3987 95.
1549 3920 1558 3931 ³

1072 4007 1105 4058 v.
1142 3997 1224 4070 286.

561 4083 820 4270 “effictam
845 4081 1009 4160 inlaeso,
1047 4084 1218 4195 excipere
1242 4086 1369 4163 verbis.
1424 4056 1530 4167 'vide
1551 4089 1600 4169 ad
1618 4090 1655 4168 rt
1685 4107 1723 4162 n.
1826 4112 1827 4115 ¹

586 4201 619 4276 4-
730 4201 807 4276 04·λ
1433 4226 1437 4237 ·

608 4369 752 4464 'orande
774 4371 823 4442 ivi
846 4368 987 4465 paleare
1011 4375 1103 4468 reteri
1129 4376 1236 4475 πίεζε]
1263 4373 1448 4465 Fuerunt,
1476 4383 1538 4481 qui
1559 4384 1724 4458 auritium

558 4469 621 4551 hic
643 4470 688 4548 ab
715 4465 813 4567 Ulyffe
830 4473 1061 4549 interemtum
1081 4474 1307 4569 crediderint
1361 4475 1520 4563 Verum,
1544 4479 1611 4574 (ut
1629 4483 1722 4556 retle

558 4581 737 4690 antrotant
763 4571 1019 4665 spondanus&
1047 4577 1133 4648 Dua·
1158 4576 1325 4679 Datim)
1359 4572 1475 4674 liquet
1496 4599 1549 4660 ex·
1569 4589 1717 4753 affl.

803 4739 804 4742 ,
1576 4755 1579 4763 ,
1712 4728 1723 4762 2

1070 4299 1103 4354 v.
1143 4254 1226 4370 287.
